% ECE445 references

@manual{TI_inverter,
    organization={Texas Instruments},
    title={{Low Power, 1.8/2.5/3.3-V Input, 3.3-V CMOS Output, Single Inverter Gate}},
    number={SN74AUP1T04},
    year={2010},
}

@article{IEEE_bt, 
	author={}, 
	journal={IEEE 802.15.1}, 
	title={{IEEE Standard for Information Technology - Local and Metropolitan Area Networks - Specific Requirements - Part 15.1a: Wireless Medium Access Control (MAC) and Physical Layer (PHY) Specifications for Wireless Personal Area Networks (WPAN)}}, 
	year={2005}, 
}
	
@article{IEEE_ethics, 
	author={}, 
	journal={IEEE Policies, Section 7 - Professional Activities}, 
	title={{IEEE Code of Ethics}}, 
	year={2020}, 
}
