% ECE445 references

@manual{TI_inverter,
    organization={Texas Instruments},
    title={{Low Power, 1.8/2.5/3.3-V Input, 3.3-V CMOS Output, Single Inverter Gate}},
    number={SN74AUP1T04},
    year={2010},
}

@article{IEEE_bt, 
	author={}, 
	journal={IEEE 802.15.1}, 
	title={{IEEE Standard for Information Technology - Local and Metropolitan Area Networks - Specific Requirements - Part 15.1a: Wireless Medium Access Control (MAC) and Physical Layer (PHY) Specifications for Wireless Personal Area Networks (WPAN)}}, 
	year={2005}, 
}
	
@article{IEEE_ethics, 
	author={}, 
	journal={IEEE Policies, Section 7 - Professional Activities}, 
	title={{IEEE Code of Ethics}}, 
	year={2020}, 
}

@article{NRS, 
	author={}, 
	journal={Las Vegas Nevada Law}, 
	title={{NRS 465.083 - Cheating at Gambling}}, 
	year={2014}, 
}

@article{BT_conduct, 
	author={}, 
	journal={Bluetooth SIG}, 
	title={{Code of Conduct}}, 
	year={2016}, 
}

@article{FDA_RFID, 
	author={}, 
	journal={U.S. Food and Drug Administration: Radiation Safety}, 
	title={{Radio Frequency Identification (RFID)}}, 
	year={2018}, 
}

@article{Li_safety, 
	author={{\relax ECE 445 Course Staff.}}, 
	journal={}, 
	title={{Safe Practice for Lead Acid and Lithium Batteries}}, 
	year={2016}, 
}

@article{445_safety, 
	author={{\relax ECE 445 Course Staff}}, 
	journal={}, 
	title={{ECE 445 Safety Guidelines}}, 
	year={2022}, 
}

@article{boost, 
	author={{\relax ABLIC}}, 
	journal={}, 
	title={{S-8337/8338 Series Switching Regulator}}, 
	year={2019}, 
}