% ECE445 references

@article{IEEE_bt, 
	author={}, 
	journal={IEEE 802.15.1}, 
	title={{IEEE Standard for Information Technology - Local and Metropolitan Area Networks - Specific Requirements - Part 15.1a: Wireless Medium Access Control (MAC) and Physical Layer (PHY) Specifications for Wireless Personal Area Networks (WPAN)}}, 
	year={2005}, 
}
	
@article{IEEE_ethics, 
	author={}, 
	journal={IEEE Policies, Section 7 - Professional Activities}, 
	title={{IEEE Code of Ethics}}, 
	year={2020}, 
}

@article{NRS, 
	author={}, 
	journal={Las Vegas Nevada Law}, 
	title={{NRS 465.083 - Cheating at Gambling}}, 
	year={2014}, 
}

@article{BT_conduct, 
	author={}, 
	journal={Bluetooth SIG}, 
	title={{Code of Conduct}}, 
	year={2016}, 
}

@article{FDA_RFID, 
	author={}, 
	journal={U.S. Food and Drug Administration: Radiation Safety}, 
	title={{Radio Frequency Identification (RFID)}}, 
	year={2018}, 
}

@article{Li_safety, 
	author={{\relax ECE 445 Course Staff.}}, 
	journal={}, 
	title={{Safe Practice for Lead Acid and Lithium Batteries}}, 
	year={2016}, 
}

@article{445_safety, 
	author={{\relax ECE 445 Course Staff}}, 
	journal={}, 
	title={{ECE 445 Safety Guidelines}}, 
	year={2022}, 
}

@manual{wrover,
	organization={{\relax Espressif Systems}},
	title={ESP32-WROVER-E \& ESP32-WROVER-IE Datasheet},
	note={V1.4},
	year={2021},
	month={February}
}

@manual{esp32_tech,
	organization={{\relax Espressif Systems}},
	title={ESP32 Technical Reference Manual},
	note={V4.6},
	year={2021},
	month={November}
}

@manual{orient_lcd,
	organization={{\relax Orient Display}},
	title={Specification of LCD Module: AFY320240A0-3.5N6NTN-R},
	note={Rev: A0},
	year={2013},
	month={March}
}

@manual{ldo,
	organization={{\relax Texas Instrument}},
	title={LP3962/LP3965 1.5A Fast Ultra Low Dropout Linear Regulators},
	year={2013},
	month={April}
}

@manual{boost,
	organization={{\relax ABLIC}},
	title={Step-Up 1.2MHz High-Frequency, PWM Control Switching Regulator Controller},
	note={Rev: 5.0},
	year={2019}
}

@manual{buck,
	organization={{\relax MICREL}},
	title={MIC2169 500kHz PWM Synchronous Buck Control IC},
	year={2009},
	month={March}
}
